% ATLAS Useful References
% Taken from https://twiki.cern.ch/twiki/bin/view/AtlasProtected/PubComUsefulBibTex
% Additional reference from PMG group


% LHC
@Article{Evans:2008zzb,
      author         = "Evans, Lyndon and Bryant, Philip",
      title          = "{LHC Machine}",
      journal        = "JINST",
      volume         = "3",
      pages          = "S08001",
      doi            = "10.1088/1748-0221/3/08/S08001",
      year           = "2008",
      SLACcitation   = "CITATION = JINST,3,S08001;"
}

% ALICE
@article{AliceCollaboration_2008,
	doi = {10.1088/1748-0221/3/08/s08002},
	url = {https://doi.org/10.1088/1748-0221/3/08/s08002},
	year = 2008,
	month = {aug},
	publisher = {{IOP} Publishing},
	volume = {3},
	number = {08},
	pages = {S08002--S08002},
	author = "{The ALICE Collaboration}",
	title = {The {ALICE} experiment at the {CERN} {LHC}},
	journal = {Journal of Instrumentation},
}

% CMS
@Article{CMS-TDR-08-001,
    author         = "{CMS Collaboration}",
    title          = "{The CMS experiment at the CERN LHC}",
    journal        = "JINST",
    volume         = "3",
    year           = "2008",
    pages          = "S08004",
    doi            = "10.1088/1748-0221/3/08/S08004",
    primaryClass   = "hep-ex",
}

% LHCb
@article{LHCbCollaboration_2008,
	doi = {10.1088/1748-0221/3/08/s08005},
	url = {https://doi.org/10.1088/1748-0221/3/08/s08005},
	year = 2008,
	month = {aug},
	publisher = {{IOP} Publishing},
	volume = {3},
	number = {08},
	pages = {S08005--S08005},
	author = "{The LHCb Collaboration}",
	title = {The {LHCb} Detector at the {LHC}},
	journal = {Journal of Instrumentation},
}

% ATLAS
@Article{PERF-2007-01,
    author         = "{ATLAS Collaboration}",
    title          = "{The ATLAS Experiment at the CERN Large Hadron Collider}",
    journal        = "JINST",
    volume         = "3",
    year           = "2008",
    pages          = "S08003",
    doi            = "10.1088/1748-0221/3/08/S08003",
    primaryClass   = "hep-ex",
}

@misc{atlas-lumi-run1,
    author        = "{ATLAS Collaboration}",
    title         = "{Integrated luminosity summary plots for 2011-2012 data taking}",
    url           = "https://twiki.cern.ch/twiki/bin/view/AtlasPublic/LuminosityPublicResults",
    year          = "2022",
    urldate       = {2022-08-01}, 
}

@misc{atlas-lumi-run2,
    author        = "{ATLAS Collaboration}",
    title         = "{Public ATLAS Luminosity Results for Run-2 of the LHC}",
    url           = "https://twiki.cern.ch/twiki/bin/view/AtlasPublic/LuminosityPublicResultsRun2",
    year          = "2022",
    urldate       = {2022-08-01}, 
}

@misc{CERN:2012:accelerators,
  author       = "CERN",
  title        = "The accelerator complex",
  howpublished = "\url{http://public.web.cern.ch/public/en/research/AccelComplex-en.html}",
  year         = "2012",
  publisher    = "CERN",
}

@techreport{Jon-And:1237407,
      author        = "{ATLAS Collaboration}",
      title         = "{Status of the ATLAS Experiment}",
      institution   = "CERN",
      collaboration = "for the ATLAS Collaboration",
      address       = "Geneva",
      reportNumber  = "ATL-GEN-PROC-2010-001",
      year          = "2010",
      url           = "https://cds.cern.ch/record/1237407",
      doi           = "10.3204/DESY-PROC-2010-04/1",
}

@techreport{inner-detector-TDR,
      title         = "{Technical Design Report for the ATLAS Inner Tracker Pixel
                       Detector}",
      institution   = "CERN",
      collaboration = "ATLAS Collaboration",
      address       = "Geneva",
      reportNumber  = "CERN-LHCC-2017-021, ATLAS-TDR-030",
      month         = "Sep",
      year          = "2017",
      url           = "https://cds.cern.ch/record/2285585",
}

@Article{Strong:2020mge,
    author = "Strong, Giles Chatham",
    title = "{On the impact of selected modern deep-learning techniques to the performance and celerity of classification models in an experimental high-energy physics use case}",
    eprint = "2002.01427",
    archivePrefix = "arXiv",
    primaryClass = "physics.data-an",
    doi = "10.1088/2632-2153/ab983a",
    month = "2",
    year = "2020"
}

@misc{atlasid,
  author       = "{ATLAS Collaboration}",
  title        = "The Inner Detector",
  url          = "https://atlas.cern/Discover/Detector/Inner-Detector",
  year         = "2022",
}

@misc{atlastrackingdocs,
  author       = "{ATLAS Collaboration}",
  title        = "ATLAS Track Reconstruction -- General Overview",
  url          = "https://atlassoftwaredocs.web.cern.ch/trackingTutorial/idoverview/",
  year         = "2022",
}

@article{pixel,
      author        = "G. Aad et al.",
      title         = "{ATLAS pixel detector electronics and sensors}",
      journal       = "JINST",
      volume        = "3",
      pages         = "P07007",
      year          = "2008",
      url           = "https://cds.cern.ch/record/1119279",
      doi           = "10.1088/1748-0221/3/07/P07007",
}

@techreport{ATLAS-TDR-19,
    author         = "{ATLAS Collaboration}",
    title          = "{ATLAS Insertable B-Layer: Technical Design Report}",
    type           = "ATLAS-TDR-19; CERN-LHCC-2010-013",
    year           = "2010",
    url            = "https://cds.cern.ch/record/1291633",
    related        = "ATLAS-TDR-19-addm",
    relatedstring  = "Addendum:",
}

@Article{PIX-2018-001,
    author         = "Abbott, B. and others",
    title          = "{Production and integration of the ATLAS Insertable B-Layer}",
    journal        = "JINST",
    volume         = "13",
    year           = "2018",
    pages          = "T05008",
    doi            = "10.1088/1748-0221/13/05/T05008",
    eprint         = "1803.00844",
    archivePrefix  = "arXiv",
    primaryClass   = "physics.ins-det",
}

@techreport{ibl,
      author        = "A. Polini et al.",
      title         = "{Design of the ATLAS IBL Readout System}",
      institution   = "CERN",
      collaboration = "for the ATLAS collaboration",
      address       = "Geneva",
      reportNumber  = "ATL-INDET-PROC-2011-028",
      month         = "Oct",
      year          = "2011",
      url           = "https://cds.cern.ch/record/1393406",
      doi           = "10.1016/j.phpro.2012.02.524",
}

@techreport{pileup,
      title         = "{Technical Design Report for the ATLAS Inner Tracker Pixel
                       Detector}",
      institution   = "CERN",
      collaboration = "ATLAS Collaboration",
      address       = "Geneva",
      reportNumber  = "CERN-LHCC-2017-021, ATLAS-TDR-030",
      month         = "Sep",
      year          = "2017",
      url           = "https://cds.cern.ch/record/2285585",
}


@techreport{itk-strip,
      title         = "{Technical Design Report for the ATLAS Inner Tracker Strip
                       Detector}",
      institution   = "CERN",
      collaboration = "ATLAS Collaboration",
      address       = "Geneva",
      reportNumber  = "CERN-LHCC-2017-005, ATLAS-TDR-025",
      month         = "Apr",
      year          = "2017",
      url           = "https://cds.cern.ch/record/2257755",
}

@Article{TRIG-2016-01,
    author         = "{ATLAS Collaboration}",
    title          = "{Performance of the ATLAS trigger system in 2015}",
    journal        = "Eur. Phys. J. C",
    volume         = "77",
    year           = "2017",
    pages          = "317",
    doi            = "10.1140/epjc/s10052-017-4852-3",
    reportNumber   = "CERN-EP-2016-241",
    eprint         = "1611.09661",
    archivePrefix  = "arXiv",
    primaryClass   = "hep-ex",
}

@techreport{Penc:2104217,
      author        = "Penc, Ondrej and ATLAS Collaboration",
      title         = "{The design and performance of the ATLAS Inner Detector
                       trigger for Run 2}",
      institution   = "CERN",
      reportNumber  = "ATL-DAQ-PROC-2015-058",
      address       = "Geneva",
      year          = "2016",
      url           = "https://cds.cern.ch/record/2104217",
      doi           = "10.1109/NSSMIC.2015.7581784",
}

@article{Grandi:2624768,
      author        = "Grandi, Mario and Beauchemin, Pierre-Hugues",
      collaboration = "ATLAS",
      title         = "{The design and performance of the ATLAS Inner Detector
                       trigger in high pileup collisions at 13 TeV at the Large
                       Hadron Collider}",
      year          = "2018",
      url           = "https://cds.cern.ch/record/2624768",
}


@article{T_Cornelissen_2008,
    doi = {10.1088/1742-6596/119/3/032014},
    url = {https://dx.doi.org/10.1088/1742-6596/119/3/032014},
    year = {2008},
    month = {jul},
    publisher = {},
    volume = {119},
    number = {3},
    pages = {032014},
    author = {T Cornelissen and  M Elsing and  I Gavrilenko and  W Liebig and  E Moyse and  A Salzburger},
    title = {The new ATLAS track reconstruction (NEWT)},
    journal = {Journal of Physics: Conference Series},
}

@misc{big-report,
  doi = {10.48550/ARXIV.1902.10229},
  url = {https://arxiv.org/abs/1902.10229},
  author = {{ATLAS} and Collaborations, CMS},
  keywords = {High Energy Physics - Experiment (hep-ex), High Energy Physics - Phenomenology (hep-ph), FOS: Physical sciences, FOS: Physical sciences},
  title = {Report on the Physics at the HL-LHC and Perspectives for the HE-LHC},
  publisher = {arXiv},
  year = {2019},
  copyright = {Creative Commons Attribution 4.0 International}
}

@techreport{Collaboration:2802918,
      author        = "ATLAS Collaboration",
      title         = "{ATLAS Software and Computing HL-LHC Roadmap}",
      institution   = "CERN",
      reportNumber  = "CERN-LHCC-2022-005, LHCC-G-182",
      address       = "Geneva",
      year          = "2022",
      url           = "https://cds.cern.ch/record/2802918",
}

@book{Apollinari:2116337,
      author        = "Apollinari, G and Béjar Alonso, I and Brüning, O and
                       Lamont, M and Rossi, L",
      title         = "{High-Luminosity Large Hadron Collider (HL-LHC):
                       Preliminary Design Report}",
      publisher     = "CERN",
      address       = "Geneva",
      series        = "CERN Yellow Reports: Monographs",
      year          = "2015",
      url           = "https://cds.cern.ch/record/2116337",
      doi           = "10.5170/CERN-2015-005",
}

@article{ATLAS-HIGGS,
    author = "Aad, Georges and others",
    collaboration = "ATLAS",
    title = "{Observation of a new particle in the search for the Standard Model Higgs boson with the ATLAS detector at the LHC}",
    eprint = "1207.7214",
    archivePrefix = "arXiv",
    primaryClass = "hep-ex",
    reportNumber = "CERN-PH-EP-2012-218",
    doi = "10.1016/j.physletb.2012.08.020",
    journal = "Phys. Lett. B",
    volume = "716",
    pages = "1--29",
    year = "2012"
}


@article{CMS-HIGGS,
    author = "Chatrchyan, Serguei and others",
    collaboration = "CMS",
    title = "{Observation of a New Boson at a Mass of 125 GeV with the CMS Experiment at the LHC}",
    eprint = "1207.7235",
    archivePrefix = "arXiv",
    primaryClass = "hep-ex",
    reportNumber = "CMS-HIG-12-028, CERN-PH-EP-2012-220",
    doi = "10.1016/j.physletb.2012.08.021",
    journal = "Phys. Lett. B",
    volume = "716",
    pages = "30--61",
    year = "2012"
}

@article{ewsb,
	doi = {10.5506/aphyspolb.47.151},
	url = {https://doi.org/10.5506\%2Faphyspolb.47.151},
	year = 2016,
	publisher = {Jagiellonian University},
	volume = {47},
	number = {1},
	pages = {151},
	author = {A. Pich},
	title = {Electroweak Symmetry Breaking and the Higgs Boson},
	journal = {Acta Physica Polonica B}
}

@misc{supersym,
  doi = {10.48550/ARXIV.HEP-TH/0101055},
  url = {https://arxiv.org/abs/hep-th/0101055},
  author = {Bilal, Adel},
  keywords = {High Energy Physics - Theory (hep-th), FOS: Physical sciences, FOS: Physical sciences},
  title = {Introduction to Supersymmetry}, 
  publisher = {arXiv}, 
  year = {2001},
  copyright = {Assumed arXiv.org perpetual, non-exclusive license to distribute this article for submissions made before January 2004}
}

@article{wg-bsm,
    author = "Cid Vidal, Xabier and others",
    editor = "Dainese, Andrea and Mangano, Michelangelo and Meyer, Andreas B. and Nisati, Aleandro and Salam, Gavin and Vesterinen, Mika Anton",
    title = "{Report from Working Group 3}: {Beyond the Standard Model physics at the HL-LHC and HE-LHC}",
    eprint = "1812.07831",
    archivePrefix = "arXiv",
    primaryClass = "hep-ph",
    reportNumber = "CERN-LPCC-2018-05",
    doi = "10.23731/CYRM-2019-007.585",
    journal = "CERN Yellow Rep. Monogr.",
    volume = "7",
    pages = "585--865",
    year = "2019"
}

@article{Bednyakov_2008,
	doi = {10.1134/s1063779608010024},
	url = {https://doi.org/10.1134\%2Fs1063779608010024},
	year = 2008,
	month = {jan},
	publisher = {Pleiades Publishing Ltd},
	volume = {39},
	number = {1},
	pages = {13--36},
	author = {V. A. Bednyakov and N. D. Giokaris and A. V. Bednyakov},
	title = {On the Higgs mass generation mechanism in the Standard Model},
	journal = {Physics of Particles and Nuclei}
}

@misc{public-hlt,
  author = {Nisha N. Lad on behalf of the ATLAS Collaboration},
  title        = "{HLT Tracking Public Results Atlas Public TWiki}",
  booktitle    = "Cern.ch",
  url = {https://twiki.cern.ch/twiki/bin/view/AtlasPublic/HLTTrackingPublicResults#ATL_COM_DAQ_2021_003_Machine_Lea},
  year         = {2021}
}

@article{Cornelissen:2007vba,
    author = "Cornelissen, T. and Elsing, M. and Fleischmann, S. and Liebig, W. and Moyse, E.",
    editor = "Salzburger, A.",
    title = "{Concepts, Design and Implementation of the ATLAS New Tracking (NEWT)}",
    reportNumber = "ATL-SOFT-PUB-2007-007, ATL-COM-SOFT-2007-002",
    month = "3",
    year = "2007"
}

@article{AGOSTINELLI2003250,
author = {R. Frühwirth},
journal = {Nuclear Instruments and Methods in Physics Research Section A: Accelerators, Spectrometers, Detectors and Associated Equipment},
volume = {444},
number = {3},
pages = {262},
year = {1987},
url = {https://www.sciencedirect.com/journal/nuclear-instruments-and-methods-in-physics-research-section-a-accelerators-spectrometers-detectors-and-associated-equipment/vol/262/issue/2}
}

@misc{kaggle-trackml,
    author = "{A. S. Anaderi \textit{et al.}}",
    title = "{TrackML Particle Tracking Challenge}",
    publisher = {Kaggle},
    year = {2018},
    url = {https://kaggle.com/competitions/trackml-particle-identification}
}
% other authors for trackml citation
%CecileGermain, David Rousseau, Guillaume Charpiat, Heather Gray, inversion, Isabelle, JR, Laurent Basara, Maggie, Mikhail Hushchyn, Moritz Kiehn, Paolo Calafiura, Sorme, Steve Farrell},


@article{pythia-8,
	doi = {10.1016/j.cpc.2008.01.036},
	url = {https://doi.org/10.1016\%2Fj.cpc.2008.01.036},
	year = 2008,
	month = {jun},  
	publisher = {Elsevier {BV}},  
	volume = {178},
	number = {11},
	pages = {852--867},
	author = {Torbjörn Sjöstrand and Stephen Mrenna and Peter Skands},
	title = {A brief introduction to {PYTHIA} 8.1},
	journal = {Computer Physics Communications}
}


@article{Gumpert_2017,
	author = {C Gumpert and A Salzburger and M Kiehn and J Hrdinka and N Calace and on behalf of the ATLAS Collaboration},
	doi = {10.1088/1742-6596/898/4/042011},
	journal = {Journal of Physics: Conference Series},
	month = {oct},
	number = {4},
	pages = {042011},
	publisher = {IOP Publishing},
	title = "{ACTS: from ATLAS software towards a common track reconstruction software}",
	url = {https://dx.doi.org/10.1088/1742-6596/898/4/042011},
	volume = {898},
	year = {2017},
	Bdsk-Url-1 = {https://dx.doi.org/10.1088/1742-6596/898/4/042011}}

@incollection{Amrouche_2019,
	doi = {10.1007/978-3-030-29135-8_9},
	url = {https://doi.org/10.1007\%2F978-3-030-29135-8_9},
	year = 2019,
	month = {nov}, 
	publisher = {Springer International Publishing}, 
	pages = {231--264},
	author = {Sabrina Amrouche and Laurent Basara and Paolo Calafiura and Victor Estrade and Steven Farrell and Diogo R. Ferreira and Liam Finnie and Nicole Finnie and C{\'{e}
}cile Germain and Vladimir Vava Gligorov and Tobias Golling and Sergey Gorbunov and Heather Gray and Isabelle Guyon and Mikhail Hushchyn and Vincenzo Innocente and Moritz Kiehn and Edward Moyse and Jean-Fran{\c{c}}ois Puget and Yuval Reina and David Rousseau and Andreas Salzburger and Andrey Ustyuzhanin and Jean-Roch Vlimant and Johan Sokrates Wind and Trian Xylouris and Yetkin Yilmaz}, 
	title = "{The Tracking Machine Learning Challenge: Accuracy Phase}",
	booktitle = {The {NeurIPS} {\textquotesingle}18 Competition}
}

@article{kde,
author = {Emanuel Parzen},
title = {{On Estimation of a Probability Density Function and Mode}},
volume = {33},
journal = {The Annals of Mathematical Statistics},
number = {3},
publisher = {Institute of Mathematical Statistics},
pages = {1065 -- 1076},
year = {1962},
doi = {10.1214/aoms/1177704472},
URL = {https://doi.org/10.1214/aoms/1177704472}
}


@article{bandwidth-selection-methods,
author = { M. C.   Jones  and  J. S.   Marron  and  S. J.   Sheather },
title = {A Brief Survey of Bandwidth Selection for Density Estimation},
journal = {Journal of the American Statistical Association},
volume = {91},
number = {433},
pages = {401-407},
year  = {1996},
publisher = {Taylor & Francis},
doi = {10.1080/01621459.1996.10476701},
URL = { 
        https://www.tandfonline.com/doi/abs/10.1080/01621459.1996.10476701
},
eprint = { 
        https://www.tandfonline.com/doi/pdf/10.1080/01621459.1996.10476701
}}

@misc{naive-bayes,
  doi = {10.48550/ARXIV.1404.0933},
  url = {https://arxiv.org/abs/1404.0933},
  author = {Vikramkumar,  and B, Vijaykumar and Trilochan, },
  keywords = {Machine Learning (cs.LG), FOS: Computer and information sciences, FOS: Computer and information sciences},
  title = {Bayes and Naive Bayes Classifier},
  publisher = {arXiv},
  year = {2014}, 
  copyright = {Creative Commons Attribution 3.0 Unported}
}


@InProceedings{svm,
author="Zhang, Yongli",
editor="Liu, Chunfeng
and Wang, Leizhen
and Yang, Aimin",
title="Support Vector Machine Classification Algorithm and Its Application",
booktitle="Information Computing and Applications",
year="2012",
publisher="Springer Berlin Heidelberg",
address="Berlin, Heidelberg",
pages="179--186",
}

@INPROCEEDINGS{pca,
  author={S. {Sehgal} and H. {Singh} and M. {Agarwal} and V. {Bhasker} and  {Shantanu}},
  booktitle={2014 International Conference on Medical Imaging, m-Health and Emerging Communication Systems (MedCom)}, 
  title={Data analysis using principal component analysis}, 
  year={2014},
  volume={},
  number={},
  pages={45-48},
  doi={10.1109/MedCom.2014.7005973}}

@inproceedings{dbscan,
author = {Ester, Martin and Kriegel, Hans-Peter and Sander, J\"{o}rg and Xu, Xiaowei},
title = {A Density-Based Algorithm for Discovering Clusters in Large Spatial Databases with Noise},
year = {1996},
publisher = {AAAI Press},
pages = {226–231},
numpages = {6},
keywords = {clustering algorithms, arbitrary shape of clusters, efficiency on large spatial databases, handling nlj4-275oise},
location = {Portland, Oregon},
series = {KDD'96}
}